<record><leader>00000cas a22000007a 4500</leader><controlfield tag="001">25702303</controlfield><controlfield tag="008">920424d18841885nyuwr ne      0    0eng d</controlfield><datafield ind1=" " ind2=" " tag="010"><subfield code="a">sn 92061608 </subfield></datafield><datafield ind1=" " ind2=" " tag="040"><subfield code="a">NYS</subfield><subfield code="b">eng</subfield><subfield code="c">NYS</subfield><subfield code="d">OCLCQ</subfield><subfield code="d">OCLCF</subfield><subfield code="d">OCLCO</subfield></datafield><datafield ind1=" " ind2=" " tag="042"><subfield code="a">msc</subfield></datafield><datafield ind1=" " ind2=" " tag="043"><subfield code="a">n-us-ny</subfield></datafield><datafield ind1="0" ind2="4" tag="245"><subfield code="a">The Newport register and advertiser.</subfield></datafield><datafield ind1="1" ind2="3" tag="246"><subfield code="a">Newport register</subfield></datafield><datafield ind1=" " ind2=" " tag="260"><subfield code="a">Newport, Herkimer Co., N.Y. :</subfield><subfield code="b">J.G. Hardell,</subfield><subfield code="c">1884-1885.</subfield></datafield><datafield ind1=" " ind2=" " tag="300"><subfield code="a">2 v.</subfield></datafield><datafield ind1=" " ind2=" " tag="310"><subfield code="a">Weekly</subfield></datafield><datafield ind1="0" ind2=" " tag="362"><subfield code="a">Vol. 2, no. 2 (Sept. 13, 1884)-v. 3, no. 3 (Sept. 19, 1885).</subfield></datafield><datafield ind1=" " ind2="0" tag="651"><subfield code="a">Herkimer County (N.Y.)</subfield><subfield code="v">Newspapers.</subfield></datafield><datafield ind1=" " ind2="4" tag="651"><subfield code="a">Newport (N.Y.)</subfield><subfield code="v">Newspapers.</subfield></datafield><datafield ind1=" " ind2="7" tag="655"><subfield code="a">Newspapers.</subfield><subfield code="2">fast</subfield><subfield code="0">(OCoLC)fst01423814</subfield></datafield><datafield ind1=" " ind2="7" tag="651"><subfield code="a">New York (State)</subfield><subfield code="z">Herkimer County.</subfield><subfield code="2">fast</subfield><subfield code="0">(OCoLC)fst01223285</subfield></datafield><datafield ind1=" " ind2=" " tag="752"><subfield code="a">United States</subfield><subfield code="b">New York</subfield><subfield code="c">Herkimer</subfield><subfield code="d">Newport.</subfield></datafield><datafield ind1="0" ind2="0" tag="780"><subfield code="t">Newport register (Newport, N.Y. : 1883)</subfield><subfield code="w">(DLC)sn 92061613</subfield><subfield code="w">(OCoLC)25689368</subfield></datafield><datafield ind1="0" ind2="0" tag="785"><subfield code="t">Newport register (Newport, N.Y. : 1885)</subfield><subfield code="w">(DLC)sn 92061607</subfield><subfield code="w">(OCoLC)25702377</subfield></datafield></record>